@inproceedings{basu2022strategies,
	title={Strategies to improve few-shot learning for intent classification and slot-filling},
	author={Basu, Samyadeep and Sharaf, Amr and Chong, Karine Ip Kiun and Fischer, Alex and Rohra, Vishal and Amoake, Michael and El-Hammamy, Hazem and Nosakhare, Ehi and Ramani, Vijay and Han, Benjamin},
	booktitle={Proceedings of the Workshop on Structured and Unstructured Knowledge Integration (SUKI)},
	pages={17--25},
	year={2022},
	doi={10.18653/v1/2022.suki-1.3},
	eprint={2109.08754}
}

@inproceedings{fischer2021distributing,
	title={Distributing graph states across quantum networks},
	author={Fischer, Alex and Towsley, Don},
	booktitle={2021 IEEE International Conference on Quantum Computing and Engineering (QCE)},
	pages={324--333},
	year={2021},
	organization={IEEE},
	doi={10.1109/QCE52317.2021.00049},
	eprint={2009.10888}
}

@inproceedings{balaban2018real,
	title={A real-time solver for time-optimal control of omnidirectional robots with bounded acceleration},
	author={Balaban, David and Fischer, Alexander and Biswas, Joydeep},
	booktitle={2018 IEEE/RSJ International Conference on Intelligent Robots and Systems (IROS)},
	pages={8027--8032},
	year={2018},
	organization={IEEE},
	doi={10.1109/IROS.2018.8594306},
	eprint={1707.04617}
}